<?xml version="1.0" encoding="UTF-8"?><collection xmlns="http://www.loc.gov/MARC21/slim"><record><leader>00405nam--2200133-i-4500</leader><controlfield tag="001">000029590</controlfield><controlfield tag="002">20161230</controlfield><controlfield tag="005">20161230201037</controlfield><controlfield tag="008">060222s1000------------r-----000-0-eng-d</controlfield><datafield ind1=" " ind2=" " tag="080"><subfield code="a">621.396.24(021)=2</subfield></datafield><datafield ind1=" " ind2=" " tag="100"><subfield code="a">Ladner, A.V., Stoner, C.R</subfield></datafield><datafield ind1=" " ind2=" " tag="245"><subfield code="a">Short wave wierlles comunication including ultra-short waves. fifth edition</subfield></datafield><datafield ind1=" " ind2=" " tag="260"><subfield code="a">New York, John Wiley &amp; Sons Inc., 1950. Xvi + 717p</subfield></datafield><datafield ind1=" " ind2=" " tag="852"><subfield code="a">1075</subfield></datafield></record></collection>